<collection xmlns="http://www.loc.gov/MARC21/slim"><record><leader>00831nam  2200265   450</leader><controlfield tag="001">210</controlfield><controlfield tag="003">http://montalegre.opacnet.com/OPAC/default.aspx?ContentAreaControl=ShowRegHoldings.ascx&amp;RegNo=16662</controlfield><datafield tag="010" ind1=" " ind2=" "><subfield code="a">972-23-2641-4</subfield></datafield><datafield tag="021" ind1=" " ind2=" "><subfield code="a">PT</subfield><subfield code="b">223852/05</subfield></datafield><datafield tag="100" ind1=" " ind2=" "><subfield code="a">20070305d2005    m  y0pory0103    ba</subfield></datafield><datafield tag="101" ind1="1" ind2=" "><subfield code="a">por</subfield><subfield code="c">eng</subfield></datafield><datafield tag="102" ind1=" " ind2=" "><subfield code="a">PT</subfield></datafield><datafield tag="105" ind1=" " ind2=" "><subfield code="a">y   z   000yy</subfield></datafield><datafield tag="106" ind1=" " ind2=" "><subfield code="a">r</subfield></datafield><datafield tag="200" ind1="1" ind2=" "><subfield code="a">&lt;A &gt;Papisa Joana</subfield><subfield code="f">Donna Woolfolk Cross</subfield><subfield code="g">trad. Teresa Martinho Toldy</subfield></datafield><datafield tag="205" ind1=" " ind2=" "><subfield code="a">5ª ed</subfield></datafield><datafield tag="210" ind1=" " ind2=" "><subfield code="a">Barcarena</subfield><subfield code="c">Presença</subfield><subfield code="d">2005</subfield></datafield><datafield tag="215" ind1=" " ind2=" "><subfield code="a">458, [2] p.</subfield><subfield code="d">23 cm</subfield></datafield><datafield tag="225" ind1="2" ind2=" "><subfield code="a">Grandes narrativas</subfield><subfield code="v">112</subfield></datafield><datafield tag="304" ind1=" " ind2=" "><subfield code="a">Tít. orig.: Pope Joan</subfield></datafield><datafield tag="675" ind1=" " ind2=" "><subfield code="a">821</subfield><subfield code="v">BN</subfield><subfield code="z">por</subfield></datafield><datafield tag="700" ind1=" " ind2="1"><subfield code="a">Cross</subfield><subfield code="b">Donna Woolfolk</subfield><subfield code="3">979651</subfield></datafield><datafield tag="702" ind1=" " ind2="1"><subfield code="a">Toldy</subfield><subfield code="b">Teresa Martinho</subfield><subfield code="4">730</subfield></datafield><datafield tag="801" ind1=" " ind2="0"><subfield code="a">PT</subfield><subfield code="b">Biblioteca Municipal de Montalegre</subfield><subfield code="g">RPC</subfield></datafield><datafield tag="856" ind1=" " ind2=" "><subfield code="u">locateMedia.asp?cod=20060510123830&amp;ext=jpg</subfield><subfield code="z">CAPA</subfield></datafield><datafield tag="909" ind1="&#9;" ind2=" "><subfield code="a">1</subfield></datafield><datafield tag="966" ind1=" " ind2=" "><subfield code="a">0016140</subfield><subfield code="l">BMM</subfield><subfield code="s">SCG 821 CRO pap 112</subfield></datafield></record></collection>